<record><leader>00000cas a2200000 a 4500</leader><controlfield tag="001">11038511</controlfield><controlfield tag="008">840809d18601866vauwr ne      0    0eng d</controlfield><datafield ind1=" " ind2=" " tag="010"><subfield code="a">sn 84024713 </subfield></datafield><datafield ind1=" " ind2=" " tag="040"><subfield code="a">NPV</subfield><subfield code="b">eng</subfield><subfield code="c">NPV</subfield><subfield code="d">DLC</subfield><subfield code="d">CNK</subfield><subfield code="d">NVK</subfield><subfield code="d">OCL</subfield><subfield code="d">NVK</subfield><subfield code="d">OCL</subfield><subfield code="d">OCLCQ</subfield><subfield code="d">OCLCF</subfield><subfield code="d">OCLCO</subfield></datafield><datafield ind1=" " ind2=" " tag="042"><subfield code="a">msc</subfield></datafield><datafield ind1="0" ind2="0" tag="050"><subfield code="a">Newspaper 10028-X</subfield></datafield><datafield ind1="0" ind2=" " tag="130"><subfield code="a">Lexington gazette (Lexington, Va. : 1860)</subfield></datafield><datafield ind1="0" ind2="0" tag="245"><subfield code="a">Lexington gazette.</subfield></datafield><datafield ind1="1" ind2="3" tag="246"><subfield code="a">Semi-weekly gazette</subfield></datafield><datafield ind1="0" ind2="7" tag="246"><subfield code="a">Lexington gazette and general advertiser</subfield></datafield><datafield ind1=" " ind2=" " tag="260"><subfield code="a">Lexington, Va. :</subfield><subfield code="b">J.S. McNutt,</subfield><subfield code="c">1860-1866.</subfield></datafield><datafield ind1=" " ind2=" " tag="300"><subfield code="a">v. ;</subfield><subfield code="c">43-62 cm.</subfield></datafield><datafield ind1=" " ind2=" " tag="310"><subfield code="a">Weekly</subfield></datafield><datafield ind1=" " ind2=" " tag="321"><subfield code="a">Weekly,</subfield><subfield code="b">&lt;-May 26, 1864&gt;</subfield></datafield><datafield ind1=" " ind2=" " tag="321"><subfield code="a">Semiweekly,</subfield><subfield code="b">&lt;July 6-Sept. 23, 1864&gt;</subfield></datafield><datafield ind1="0" ind2=" " tag="362"><subfield code="a">New ser. Vol. 1, no. 11 (Nov. 1, 1860)-Feb. 28, 1866.</subfield></datafield><datafield ind1=" " ind2=" " tag="500"><subfield code="a">Publisher varies: McNutt &amp; Edmondson, &lt;Jan. 30, 1862&gt;- ; Campbell &amp; Burgess &lt;Nov. 29, 1865&gt; ; Leech &amp; Burgess &lt;1866&gt;.</subfield></datafield><datafield ind1=" " ind2=" " tag="500"><subfield code="a">"The union must be preserved."</subfield></datafield><datafield ind1=" " ind2=" " tag="515"><subfield code="a">Suspended publication between June 26 and Aug. 7, 1862 for lack of paper.</subfield></datafield><datafield ind1=" " ind2=" " tag="530"><subfield code="a">Also available on microfilm from Bell &amp; Howell, Micro Photo Div.</subfield></datafield><datafield ind1=" " ind2="0" tag="651"><subfield code="a">Lexington (Va.)</subfield><subfield code="v">Newspapers.</subfield></datafield><datafield ind1=" " ind2="7" tag="655"><subfield code="a">Newspapers.</subfield><subfield code="2">fast</subfield><subfield code="0">(OCoLC)fst01423814</subfield></datafield><datafield ind1=" " ind2="7" tag="651"><subfield code="a">Virginia</subfield><subfield code="z">Lexington.</subfield><subfield code="2">fast</subfield><subfield code="0">(OCoLC)fst01205029</subfield></datafield><datafield ind1=" " ind2=" " tag="752"><subfield code="a">United States</subfield><subfield code="b">Virginia</subfield><subfield code="d">Lexington.</subfield></datafield><datafield ind1="0" ind2="0" tag="780"><subfield code="t">Gazette (Lexington, Va. : 1853)</subfield><subfield code="w">(DLC)sn 84024712</subfield></datafield><datafield ind1="0" ind2="0" tag="785"><subfield code="t">Gazette and banner</subfield><subfield code="w">(DLC)sn 84024714</subfield></datafield></record>